@book{Fechner1897,
  author    = {Fechner, Gustav Theodor},
  title     = {Kollektivmasslehre},
  year      = {1897},
  publisher = {Leipzig: Verlag von Wilhelm Engelmann},
  url       = {https://www.google.com/books/edition/Kollektivmasslehre/bgQZAAAAMAAJ?hl=en}
}

@article{Shi2024,
  author  = {Shi, Xiangyu and Jiang, Yuanyuan and Du, Jiang and Miao, Zhuqing},
  title   = {An adaptive test based on Kendall's tau for independence in high dimensions},
  journal = {Journal of Nonparametric Statistics},
  year    = {2024},
  volume  = {36},
  number  = {4},
  pages   = {1064--1087},
  doi     = {10.1080/10485252.2023.2296521}
}

@article{Han2025,
  author  = {Han, Lijuan and Ma, Yun and Xie, Junshan},
  title   = {An adaptive test of the independence of high-dimensional data based on Kendall rank correlation coefficient},
  journal = {Journal of Nonparametric Statistics},
  year    = {2025},
  volume  = {37},
  number  = {3},
  pages   = {632--656},
  doi     = {10.1080/10485252.2024.2435852}
}

@article{ElShaarawi1992,
  author  = {El-Shaarawi, A. H. and Niculescu, Stefan P.},
  title   = {On Kendall’s Tau as a Test of Trend in Time Series Data},
  journal = {Environmetrics},
  year    = {1992},
  volume  = {3},
  number  = {4},
  pages   = {385--411}
}

@article{Kendall1938,
  author  = {Kendall, M. G.},
  title   = {A New Measure of Rank Correlation},
  journal = {Biometrika},
  year    = {1938},
  volume  = {30},
  number  = {1/2},
  pages   = {81--93},
  publisher = {Oxford University Press on behalf of Biometrika Trust},
  url     = {https://www.jstor.org/stable/2332226}
}

@misc{Newson,
  author    = {Newson, Roger},
  title     = {Parameters behind “nonparametric” statistics: Kendall’s tau, Somers’ D and median differences},
  howpublished = {Working paper, King’s College London},
  note      = {Available from the author at roger.newson@kcl.ac.uk}
}

@article{Kruskal1958,
  author  = {Kruskal, William H.},
  title   = {Ordinal Measures of Association},
  journal = {Journal of the American Statistical Association},
  year    = {1958},
  volume  = {53},
  number  = {284},
  pages   = {814--861},
  doi     = {10.1080/01621459.1958.10501481},
  url     = {https://doi.org/10.1080/01621459.1958.10501481}
}

@article{Hamed2011,
  author  = {Hamed, K. H.},
  title   = {The distribution of Kendall's tau for testing the significance of cross-correlation in persistent data},
  journal = {Hydrological Sciences Journal},
  year    = {2011},
  volume  = {56},
  number  = {5},
  pages   = {841--853},
  doi     = {10.1080/02626667.2011.586948}
}